<?xml version="1.0" encoding="UTF-8"?><collection xmlns="http://www.loc.gov/MARC21/slim"><record><leader>00462nam--2200169-i-4500</leader><controlfield tag="001">000046662</controlfield><controlfield tag="002">20161230</controlfield><controlfield tag="005">20161230201046</controlfield><controlfield tag="008">060222s1000------------r-----000-0-eng-d</controlfield><datafield ind1=" " ind2=" " tag="040"><subfield code="a">IFIN-HH</subfield></datafield><datafield ind1=" " ind2=" " tag="080"><subfield code="a">621.375.826:535</subfield></datafield><datafield ind1="1" ind2=" " tag="100"><subfield code="a">Vlad,Valentin I</subfield></datafield><datafield ind1="1" ind2="0" tag="245"><subfield code="a">Onobtaining and transmitting real-time holograms</subfield><subfield code="c">Vlad i. valentin</subfield></datafield><datafield ind1=" " ind2=" " tag="260"><subfield code="a">Magurele-bucuresti</subfield><subfield code="b">Ifa</subfield><subfield code="c">/F.An</subfield></datafield><datafield ind1=" " ind2=" " tag="300"><subfield code="a">3P.+2 FIG.IFA</subfield></datafield><datafield ind1=" " ind2=" " tag="852"><subfield code="a">34624</subfield><subfield code="c">535</subfield></datafield><datafield ind1=" " ind2=" " tag="CAT"><subfield code="a">Sys</subfield><subfield code="c">20101028</subfield><subfield code="h">151432</subfield></datafield></record></collection>